%YAML 1.1
%TAG !u! tag:unity3d.com,2011:
--- !u!1 &682506496352128427
GameObject:
  m_ObjectHideFlags: 0
  m_CorrespondingSourceObject: {fileID: 0}
  m_PrefabInstance: {fileID: 0}
  m_PrefabAsset: {fileID: 0}
  serializedVersion: 6
  m_Component:
  - component: {fileID: 1260388814506873644}
  - component: {fileID: 2357957969767628206}
  - component: {fileID: 3470484110175572083}
  m_Layer: 0
  m_Name: Plane (3)
  m_TagString: Untagged
  m_Icon: {fileID: 0}
  m_NavMeshLayer: 0
  m_StaticEditorFlags: 0
  m_IsActive: 1
--- !u!4 &1260388814506873644
Transform:
  m_ObjectHideFlags: 0
  m_CorrespondingSourceObject: {fileID: 0}
  m_PrefabInstance: {fileID: 0}
  m_PrefabAsset: {fileID: 0}
  m_GameObject: {fileID: 682506496352128427}
  m_LocalRotation: {x: 0.7071068, y: 0, z: 0.7071068, w: 0}
  m_LocalPosition: {x: -0.68, y: 2.49, z: -7.49}
  m_LocalScale: {x: 1, y: 1, z: 2.113}
  m_Children: []
  m_Father: {fileID: 6981402413524467387}
  m_RootOrder: 3
  m_LocalEulerAnglesHint: {x: 0, y: 90, z: 180}
--- !u!33 &2357957969767628206
MeshFilter:
  m_ObjectHideFlags: 0
  m_CorrespondingSourceObject: {fileID: 0}
  m_PrefabInstance: {fileID: 0}
  m_PrefabAsset: {fileID: 0}
  m_GameObject: {fileID: 682506496352128427}
  m_Mesh: {fileID: 10209, guid: 0000000000000000e000000000000000, type: 0}
--- !u!23 &3470484110175572083
MeshRenderer:
  m_ObjectHideFlags: 0
  m_CorrespondingSourceObject: {fileID: 0}
  m_PrefabInstance: {fileID: 0}
  m_PrefabAsset: {fileID: 0}
  m_GameObject: {fileID: 682506496352128427}
  m_Enabled: 1
  m_CastShadows: 1
  m_ReceiveShadows: 1
  m_DynamicOccludee: 1
  m_MotionVectors: 1
  m_LightProbeUsage: 1
  m_ReflectionProbeUsage: 1
  m_RayTracingMode: 2
  m_RenderingLayerMask: 1
  m_RendererPriority: 0
  m_Materials:
  - {fileID: 2100000, guid: b80979bda4c72884e8f31236782df47e, type: 2}
  m_StaticBatchInfo:
    firstSubMesh: 0
    subMeshCount: 0
  m_StaticBatchRoot: {fileID: 0}
  m_ProbeAnchor: {fileID: 0}
  m_LightProbeVolumeOverride: {fileID: 0}
  m_ScaleInLightmap: 1
  m_ReceiveGI: 1
  m_PreserveUVs: 0
  m_IgnoreNormalsForChartDetection: 0
  m_ImportantGI: 0
  m_StitchLightmapSeams: 1
  m_SelectedEditorRenderState: 3
  m_MinimumChartSize: 4
  m_AutoUVMaxDistance: 0.5
  m_AutoUVMaxAngle: 89
  m_LightmapParameters: {fileID: 0}
  m_SortingLayerID: 0
  m_SortingLayer: 0
  m_SortingOrder: 0
--- !u!1 &1529050885085692520
GameObject:
  m_ObjectHideFlags: 0
  m_CorrespondingSourceObject: {fileID: 0}
  m_PrefabInstance: {fileID: 0}
  m_PrefabAsset: {fileID: 0}
  serializedVersion: 6
  m_Component:
  - component: {fileID: 2194263475549100242}
  - component: {fileID: 3016370049468913527}
  - component: {fileID: 1024775477243945917}
  m_Layer: 0
  m_Name: Roof
  m_TagString: Untagged
  m_Icon: {fileID: 0}
  m_NavMeshLayer: 0
  m_StaticEditorFlags: 0
  m_IsActive: 1
--- !u!4 &2194263475549100242
Transform:
  m_ObjectHideFlags: 0
  m_CorrespondingSourceObject: {fileID: 0}
  m_PrefabInstance: {fileID: 0}
  m_PrefabAsset: {fileID: 0}
  m_GameObject: {fileID: 1529050885085692520}
  m_LocalRotation: {x: -0.7071068, y: -0, z: -0, w: 0.7071068}
  m_LocalPosition: {x: 0, y: 0.5, z: 0}
  m_LocalScale: {x: 1000, y: 1000, z: 1000}
  m_Children: []
  m_Father: {fileID: 4800858725400162922}
  m_RootOrder: 1
  m_LocalEulerAnglesHint: {x: -90, y: 0, z: 0}
--- !u!33 &3016370049468913527
MeshFilter:
  m_ObjectHideFlags: 0
  m_CorrespondingSourceObject: {fileID: 0}
  m_PrefabInstance: {fileID: 0}
  m_PrefabAsset: {fileID: 0}
  m_GameObject: {fileID: 1529050885085692520}
  m_Mesh: {fileID: 3562073674547505438, guid: ec0537a5e3c4f9546aafe5db2f909da3, type: 3}
--- !u!23 &1024775477243945917
MeshRenderer:
  m_ObjectHideFlags: 0
  m_CorrespondingSourceObject: {fileID: 0}
  m_PrefabInstance: {fileID: 0}
  m_PrefabAsset: {fileID: 0}
  m_GameObject: {fileID: 1529050885085692520}
  m_Enabled: 1
  m_CastShadows: 1
  m_ReceiveShadows: 1
  m_DynamicOccludee: 1
  m_MotionVectors: 1
  m_LightProbeUsage: 1
  m_ReflectionProbeUsage: 1
  m_RayTracingMode: 2
  m_RenderingLayerMask: 1
  m_RendererPriority: 0
  m_Materials:
  - {fileID: 2100000, guid: ec2787c212e4f9c4396228c9636a6988, type: 2}
  m_StaticBatchInfo:
    firstSubMesh: 0
    subMeshCount: 0
  m_StaticBatchRoot: {fileID: 0}
  m_ProbeAnchor: {fileID: 0}
  m_LightProbeVolumeOverride: {fileID: 0}
  m_ScaleInLightmap: 1
  m_ReceiveGI: 1
  m_PreserveUVs: 0
  m_IgnoreNormalsForChartDetection: 0
  m_ImportantGI: 0
  m_StitchLightmapSeams: 1
  m_SelectedEditorRenderState: 3
  m_MinimumChartSize: 4
  m_AutoUVMaxDistance: 0.5
  m_AutoUVMaxAngle: 89
  m_LightmapParameters: {fileID: 0}
  m_SortingLayerID: 0
  m_SortingLayer: 0
  m_SortingOrder: 0
--- !u!1 &2578850581017650634
GameObject:
  m_ObjectHideFlags: 0
  m_CorrespondingSourceObject: {fileID: 0}
  m_PrefabInstance: {fileID: 0}
  m_PrefabAsset: {fileID: 0}
  serializedVersion: 6
  m_Component:
  - component: {fileID: 2918959676121792368}
  - component: {fileID: 2246700044526989525}
  - component: {fileID: 4091826478087554079}
  m_Layer: 0
  m_Name: TopRoof
  m_TagString: Untagged
  m_Icon: {fileID: 0}
  m_NavMeshLayer: 0
  m_StaticEditorFlags: 0
  m_IsActive: 1
--- !u!4 &2918959676121792368
Transform:
  m_ObjectHideFlags: 0
  m_CorrespondingSourceObject: {fileID: 0}
  m_PrefabInstance: {fileID: 0}
  m_PrefabAsset: {fileID: 0}
  m_GameObject: {fileID: 2578850581017650634}
  m_LocalRotation: {x: -0.7071068, y: 0, z: 0, w: 0.7071068}
  m_LocalPosition: {x: 0, y: 0.5, z: 0}
  m_LocalScale: {x: 1000, y: 1000, z: 1000}
  m_Children: []
  m_Father: {fileID: 4800858725400162922}
  m_RootOrder: 6
  m_LocalEulerAnglesHint: {x: -90, y: 0, z: 0}
--- !u!33 &2246700044526989525
MeshFilter:
  m_ObjectHideFlags: 0
  m_CorrespondingSourceObject: {fileID: 0}
  m_PrefabInstance: {fileID: 0}
  m_PrefabAsset: {fileID: 0}
  m_GameObject: {fileID: 2578850581017650634}
  m_Mesh: {fileID: 3825537616867340382, guid: 56915d11f5a3548408358fe8244686a5, type: 3}
--- !u!23 &4091826478087554079
MeshRenderer:
  m_ObjectHideFlags: 0
  m_CorrespondingSourceObject: {fileID: 0}
  m_PrefabInstance: {fileID: 0}
  m_PrefabAsset: {fileID: 0}
  m_GameObject: {fileID: 2578850581017650634}
  m_Enabled: 1
  m_CastShadows: 1
  m_ReceiveShadows: 1
  m_DynamicOccludee: 1
  m_MotionVectors: 1
  m_LightProbeUsage: 1
  m_ReflectionProbeUsage: 1
  m_RayTracingMode: 2
  m_RenderingLayerMask: 1
  m_RendererPriority: 0
  m_Materials:
  - {fileID: 2100000, guid: 2c730f7087619d6478dd1b467f07520d, type: 2}
  m_StaticBatchInfo:
    firstSubMesh: 0
    subMeshCount: 0
  m_StaticBatchRoot: {fileID: 0}
  m_ProbeAnchor: {fileID: 0}
  m_LightProbeVolumeOverride: {fileID: 0}
  m_ScaleInLightmap: 1
  m_ReceiveGI: 1
  m_PreserveUVs: 0
  m_IgnoreNormalsForChartDetection: 0
  m_ImportantGI: 0
  m_StitchLightmapSeams: 1
  m_SelectedEditorRenderState: 3
  m_MinimumChartSize: 4
  m_AutoUVMaxDistance: 0.5
  m_AutoUVMaxAngle: 89
  m_LightmapParameters: {fileID: 0}
  m_SortingLayerID: 0
  m_SortingLayer: 0
  m_SortingOrder: 0
--- !u!1 &2882493344420898718
GameObject:
  m_ObjectHideFlags: 0
  m_CorrespondingSourceObject: {fileID: 0}
  m_PrefabInstance: {fileID: 0}
  m_PrefabAsset: {fileID: 0}
  serializedVersion: 6
  m_Component:
  - component: {fileID: 2543263579446115620}
  - component: {fileID: 1505512160726217345}
  - component: {fileID: 3675025379322299979}
  m_Layer: 0
  m_Name: CtrlWall
  m_TagString: Untagged
  m_Icon: {fileID: 0}
  m_NavMeshLayer: 0
  m_StaticEditorFlags: 0
  m_IsActive: 1
--- !u!4 &2543263579446115620
Transform:
  m_ObjectHideFlags: 0
  m_CorrespondingSourceObject: {fileID: 0}
  m_PrefabInstance: {fileID: 0}
  m_PrefabAsset: {fileID: 0}
  m_GameObject: {fileID: 2882493344420898718}
  m_LocalRotation: {x: -0.7071068, y: 0, z: 0, w: 0.7071068}
  m_LocalPosition: {x: 0, y: 0.5, z: 0}
  m_LocalScale: {x: 1000, y: 1000, z: 1000}
  m_Children: []
  m_Father: {fileID: 4800858725400162922}
  m_RootOrder: 2
  m_LocalEulerAnglesHint: {x: -90, y: 0, z: 0}
--- !u!33 &1505512160726217345
MeshFilter:
  m_ObjectHideFlags: 0
  m_CorrespondingSourceObject: {fileID: 0}
  m_PrefabInstance: {fileID: 0}
  m_PrefabAsset: {fileID: 0}
  m_GameObject: {fileID: 2882493344420898718}
  m_Mesh: {fileID: -2071497459031523516, guid: c2cc5a32fc0df8742b06311f124f0ee0, type: 3}
--- !u!23 &3675025379322299979
MeshRenderer:
  m_ObjectHideFlags: 0
  m_CorrespondingSourceObject: {fileID: 0}
  m_PrefabInstance: {fileID: 0}
  m_PrefabAsset: {fileID: 0}
  m_GameObject: {fileID: 2882493344420898718}
  m_Enabled: 1
  m_CastShadows: 1
  m_ReceiveShadows: 1
  m_DynamicOccludee: 1
  m_MotionVectors: 1
  m_LightProbeUsage: 1
  m_ReflectionProbeUsage: 1
  m_RayTracingMode: 2
  m_RenderingLayerMask: 1
  m_RendererPriority: 0
  m_Materials:
  - {fileID: 2100000, guid: ec2787c212e4f9c4396228c9636a6988, type: 2}
  m_StaticBatchInfo:
    firstSubMesh: 0
    subMeshCount: 0
  m_StaticBatchRoot: {fileID: 0}
  m_ProbeAnchor: {fileID: 0}
  m_LightProbeVolumeOverride: {fileID: 0}
  m_ScaleInLightmap: 1
  m_ReceiveGI: 1
  m_PreserveUVs: 0
  m_IgnoreNormalsForChartDetection: 0
  m_ImportantGI: 0
  m_StitchLightmapSeams: 1
  m_SelectedEditorRenderState: 3
  m_MinimumChartSize: 4
  m_AutoUVMaxDistance: 0.5
  m_AutoUVMaxAngle: 89
  m_LightmapParameters: {fileID: 0}
  m_SortingLayerID: 0
  m_SortingLayer: 0
  m_SortingOrder: 0
--- !u!1 &3460899835375288590
GameObject:
  m_ObjectHideFlags: 0
  m_CorrespondingSourceObject: {fileID: 0}
  m_PrefabInstance: {fileID: 0}
  m_PrefabAsset: {fileID: 0}
  serializedVersion: 6
  m_Component:
  - component: {fileID: 6981402413524467387}
  m_Layer: 0
  m_Name: Tettoia
  m_TagString: Untagged
  m_Icon: {fileID: 0}
  m_NavMeshLayer: 0
  m_StaticEditorFlags: 0
  m_IsActive: 1
--- !u!4 &6981402413524467387
Transform:
  m_ObjectHideFlags: 0
  m_CorrespondingSourceObject: {fileID: 0}
  m_PrefabInstance: {fileID: 0}
  m_PrefabAsset: {fileID: 0}
  m_GameObject: {fileID: 3460899835375288590}
  m_LocalRotation: {x: 0, y: 0, z: 0, w: 1}
  m_LocalPosition: {x: 0, y: 0, z: 0}
  m_LocalScale: {x: 1, y: 1, z: 1}
  m_Children:
  - {fileID: 105643870536500115}
  - {fileID: 8726687837293912021}
  - {fileID: 353695511485374200}
  - {fileID: 1260388814506873644}
  m_Father: {fileID: 4800858725400162922}
  m_RootOrder: 7
  m_LocalEulerAnglesHint: {x: 0, y: 0, z: 0}
--- !u!1 &3910092866699216675
GameObject:
  m_ObjectHideFlags: 0
  m_CorrespondingSourceObject: {fileID: 0}
  m_PrefabInstance: {fileID: 0}
  m_PrefabAsset: {fileID: 0}
  serializedVersion: 6
  m_Component:
  - component: {fileID: 4397941037391486361}
  - component: {fileID: 767718082228130364}
  - component: {fileID: 3261605375040481014}
  m_Layer: 0
  m_Name: Furniture
  m_TagString: Untagged
  m_Icon: {fileID: 0}
  m_NavMeshLayer: 0
  m_StaticEditorFlags: 0
  m_IsActive: 1
--- !u!4 &4397941037391486361
Transform:
  m_ObjectHideFlags: 0
  m_CorrespondingSourceObject: {fileID: 0}
  m_PrefabInstance: {fileID: 0}
  m_PrefabAsset: {fileID: 0}
  m_GameObject: {fileID: 3910092866699216675}
  m_LocalRotation: {x: -0.7071068, y: 0, z: 0, w: 0.7071068}
  m_LocalPosition: {x: 0, y: 0.5, z: 0}
  m_LocalScale: {x: 1000, y: 1000, z: 1000}
  m_Children: []
  m_Father: {fileID: 4800858725400162922}
  m_RootOrder: 5
  m_LocalEulerAnglesHint: {x: -90, y: 0, z: 0}
--- !u!33 &767718082228130364
MeshFilter:
  m_ObjectHideFlags: 0
  m_CorrespondingSourceObject: {fileID: 0}
  m_PrefabInstance: {fileID: 0}
  m_PrefabAsset: {fileID: 0}
  m_GameObject: {fileID: 3910092866699216675}
  m_Mesh: {fileID: -6254580501676837539, guid: 65cb910b916d083428d9766ed2d4a07d, type: 3}
--- !u!23 &3261605375040481014
MeshRenderer:
  m_ObjectHideFlags: 0
  m_CorrespondingSourceObject: {fileID: 0}
  m_PrefabInstance: {fileID: 0}
  m_PrefabAsset: {fileID: 0}
  m_GameObject: {fileID: 3910092866699216675}
  m_Enabled: 1
  m_CastShadows: 1
  m_ReceiveShadows: 1
  m_DynamicOccludee: 1
  m_MotionVectors: 1
  m_LightProbeUsage: 1
  m_ReflectionProbeUsage: 1
  m_RayTracingMode: 2
  m_RenderingLayerMask: 1
  m_RendererPriority: 0
  m_Materials:
  - {fileID: 2100000, guid: 236aaac35ba03634199dee3093e2a366, type: 2}
  m_StaticBatchInfo:
    firstSubMesh: 0
    subMeshCount: 0
  m_StaticBatchRoot: {fileID: 0}
  m_ProbeAnchor: {fileID: 0}
  m_LightProbeVolumeOverride: {fileID: 0}
  m_ScaleInLightmap: 1
  m_ReceiveGI: 1
  m_PreserveUVs: 0
  m_IgnoreNormalsForChartDetection: 0
  m_ImportantGI: 0
  m_StitchLightmapSeams: 1
  m_SelectedEditorRenderState: 3
  m_MinimumChartSize: 4
  m_AutoUVMaxDistance: 0.5
  m_AutoUVMaxAngle: 89
  m_LightmapParameters: {fileID: 0}
  m_SortingLayerID: 0
  m_SortingLayer: 0
  m_SortingOrder: 0
--- !u!1 &3923545867317903836
GameObject:
  m_ObjectHideFlags: 0
  m_CorrespondingSourceObject: {fileID: 0}
  m_PrefabInstance: {fileID: 0}
  m_PrefabAsset: {fileID: 0}
  serializedVersion: 6
  m_Component:
  - component: {fileID: 8726687837293912021}
  - component: {fileID: 3467167363893419238}
  - component: {fileID: 6911343960139756585}
  m_Layer: 0
  m_Name: Plane (1)
  m_TagString: Untagged
  m_Icon: {fileID: 0}
  m_NavMeshLayer: 0
  m_StaticEditorFlags: 0
  m_IsActive: 1
--- !u!4 &8726687837293912021
Transform:
  m_ObjectHideFlags: 0
  m_CorrespondingSourceObject: {fileID: 0}
  m_PrefabInstance: {fileID: 0}
  m_PrefabAsset: {fileID: 0}
  m_GameObject: {fileID: 3923545867317903836}
  m_LocalRotation: {x: 0, y: 0, z: -0.6427876, w: 0.7660445}
  m_LocalPosition: {x: -4.92, y: 4.16, z: -2.2}
  m_LocalScale: {x: 1, y: 1, z: 2.113}
  m_Children: []
  m_Father: {fileID: 6981402413524467387}
  m_RootOrder: 1
  m_LocalEulerAnglesHint: {x: 0, y: 0, z: -80}
--- !u!33 &3467167363893419238
MeshFilter:
  m_ObjectHideFlags: 0
  m_CorrespondingSourceObject: {fileID: 0}
  m_PrefabInstance: {fileID: 0}
  m_PrefabAsset: {fileID: 0}
  m_GameObject: {fileID: 3923545867317903836}
  m_Mesh: {fileID: 10209, guid: 0000000000000000e000000000000000, type: 0}
--- !u!23 &6911343960139756585
MeshRenderer:
  m_ObjectHideFlags: 0
  m_CorrespondingSourceObject: {fileID: 0}
  m_PrefabInstance: {fileID: 0}
  m_PrefabAsset: {fileID: 0}
  m_GameObject: {fileID: 3923545867317903836}
  m_Enabled: 1
  m_CastShadows: 1
  m_ReceiveShadows: 1
  m_DynamicOccludee: 1
  m_MotionVectors: 1
  m_LightProbeUsage: 1
  m_ReflectionProbeUsage: 1
  m_RayTracingMode: 2
  m_RenderingLayerMask: 1
  m_RendererPriority: 0
  m_Materials:
  - {fileID: 2100000, guid: b80979bda4c72884e8f31236782df47e, type: 2}
  m_StaticBatchInfo:
    firstSubMesh: 0
    subMeshCount: 0
  m_StaticBatchRoot: {fileID: 0}
  m_ProbeAnchor: {fileID: 0}
  m_LightProbeVolumeOverride: {fileID: 0}
  m_ScaleInLightmap: 1
  m_ReceiveGI: 1
  m_PreserveUVs: 0
  m_IgnoreNormalsForChartDetection: 0
  m_ImportantGI: 0
  m_StitchLightmapSeams: 1
  m_SelectedEditorRenderState: 3
  m_MinimumChartSize: 4
  m_AutoUVMaxDistance: 0.5
  m_AutoUVMaxAngle: 89
  m_LightmapParameters: {fileID: 0}
  m_SortingLayerID: 0
  m_SortingLayer: 0
  m_SortingOrder: 0
--- !u!1 &5676481079312084917
GameObject:
  m_ObjectHideFlags: 0
  m_CorrespondingSourceObject: {fileID: 0}
  m_PrefabInstance: {fileID: 0}
  m_PrefabAsset: {fileID: 0}
  serializedVersion: 6
  m_Component:
  - component: {fileID: 353695511485374200}
  - component: {fileID: 7046041913668122754}
  - component: {fileID: 4087846491438919880}
  m_Layer: 0
  m_Name: Plane (2)
  m_TagString: Untagged
  m_Icon: {fileID: 0}
  m_NavMeshLayer: 0
  m_StaticEditorFlags: 0
  m_IsActive: 1
--- !u!4 &353695511485374200
Transform:
  m_ObjectHideFlags: 0
  m_CorrespondingSourceObject: {fileID: 0}
  m_PrefabInstance: {fileID: 0}
  m_PrefabAsset: {fileID: 0}
  m_GameObject: {fileID: 5676481079312084917}
  m_LocalRotation: {x: 0.7071068, y: 0, z: 0.7071068, w: 0}
  m_LocalPosition: {x: -0.68, y: 0.51, z: 7.28}
  m_LocalScale: {x: 1, y: 1, z: 2.113}
  m_Children: []
  m_Father: {fileID: 6981402413524467387}
  m_RootOrder: 2
  m_LocalEulerAnglesHint: {x: 0, y: 90, z: 180}
--- !u!33 &7046041913668122754
MeshFilter:
  m_ObjectHideFlags: 0
  m_CorrespondingSourceObject: {fileID: 0}
  m_PrefabInstance: {fileID: 0}
  m_PrefabAsset: {fileID: 0}
  m_GameObject: {fileID: 5676481079312084917}
  m_Mesh: {fileID: 10209, guid: 0000000000000000e000000000000000, type: 0}
--- !u!23 &4087846491438919880
MeshRenderer:
  m_ObjectHideFlags: 0
  m_CorrespondingSourceObject: {fileID: 0}
  m_PrefabInstance: {fileID: 0}
  m_PrefabAsset: {fileID: 0}
  m_GameObject: {fileID: 5676481079312084917}
  m_Enabled: 1
  m_CastShadows: 1
  m_ReceiveShadows: 1
  m_DynamicOccludee: 1
  m_MotionVectors: 1
  m_LightProbeUsage: 1
  m_ReflectionProbeUsage: 1
  m_RayTracingMode: 2
  m_RenderingLayerMask: 1
  m_RendererPriority: 0
  m_Materials:
  - {fileID: 2100000, guid: b80979bda4c72884e8f31236782df47e, type: 2}
  m_StaticBatchInfo:
    firstSubMesh: 0
    subMeshCount: 0
  m_StaticBatchRoot: {fileID: 0}
  m_ProbeAnchor: {fileID: 0}
  m_LightProbeVolumeOverride: {fileID: 0}
  m_ScaleInLightmap: 1
  m_ReceiveGI: 1
  m_PreserveUVs: 0
  m_IgnoreNormalsForChartDetection: 0
  m_ImportantGI: 0
  m_StitchLightmapSeams: 1
  m_SelectedEditorRenderState: 3
  m_MinimumChartSize: 4
  m_AutoUVMaxDistance: 0.5
  m_AutoUVMaxAngle: 89
  m_LightmapParameters: {fileID: 0}
  m_SortingLayerID: 0
  m_SortingLayer: 0
  m_SortingOrder: 0
--- !u!1 &5827273341569680512
GameObject:
  m_ObjectHideFlags: 0
  m_CorrespondingSourceObject: {fileID: 0}
  m_PrefabInstance: {fileID: 0}
  m_PrefabAsset: {fileID: 0}
  serializedVersion: 6
  m_Component:
  - component: {fileID: 6599306818758712890}
  - component: {fileID: 7798731535127024031}
  - component: {fileID: 5466910673553515861}
  m_Layer: 0
  m_Name: Floor
  m_TagString: Untagged
  m_Icon: {fileID: 0}
  m_NavMeshLayer: 0
  m_StaticEditorFlags: 0
  m_IsActive: 1
--- !u!4 &6599306818758712890
Transform:
  m_ObjectHideFlags: 0
  m_CorrespondingSourceObject: {fileID: 0}
  m_PrefabInstance: {fileID: 0}
  m_PrefabAsset: {fileID: 0}
  m_GameObject: {fileID: 5827273341569680512}
  m_LocalRotation: {x: -0.7071068, y: 0, z: 0, w: 0.7071068}
  m_LocalPosition: {x: 0, y: 0.5, z: 0}
  m_LocalScale: {x: 1000, y: 1000, z: 1000}
  m_Children: []
  m_Father: {fileID: 4800858725400162922}
  m_RootOrder: 3
  m_LocalEulerAnglesHint: {x: -90, y: 0, z: 0}
--- !u!33 &7798731535127024031
MeshFilter:
  m_ObjectHideFlags: 0
  m_CorrespondingSourceObject: {fileID: 0}
  m_PrefabInstance: {fileID: 0}
  m_PrefabAsset: {fileID: 0}
  m_GameObject: {fileID: 5827273341569680512}
  m_Mesh: {fileID: -629719859055844128, guid: b5a87948139a96c419b5e9a07d2507a1, type: 3}
--- !u!23 &5466910673553515861
MeshRenderer:
  m_ObjectHideFlags: 0
  m_CorrespondingSourceObject: {fileID: 0}
  m_PrefabInstance: {fileID: 0}
  m_PrefabAsset: {fileID: 0}
  m_GameObject: {fileID: 5827273341569680512}
  m_Enabled: 1
  m_CastShadows: 1
  m_ReceiveShadows: 1
  m_DynamicOccludee: 1
  m_MotionVectors: 1
  m_LightProbeUsage: 1
  m_ReflectionProbeUsage: 1
  m_RayTracingMode: 2
  m_RenderingLayerMask: 1
  m_RendererPriority: 0
  m_Materials:
  - {fileID: 2100000, guid: 7270c19ffd869344eba3fa97e60e1b29, type: 2}
  m_StaticBatchInfo:
    firstSubMesh: 0
    subMeshCount: 0
  m_StaticBatchRoot: {fileID: 0}
  m_ProbeAnchor: {fileID: 0}
  m_LightProbeVolumeOverride: {fileID: 0}
  m_ScaleInLightmap: 1
  m_ReceiveGI: 1
  m_PreserveUVs: 0
  m_IgnoreNormalsForChartDetection: 0
  m_ImportantGI: 0
  m_StitchLightmapSeams: 1
  m_SelectedEditorRenderState: 3
  m_MinimumChartSize: 4
  m_AutoUVMaxDistance: 0.5
  m_AutoUVMaxAngle: 89
  m_LightmapParameters: {fileID: 0}
  m_SortingLayerID: 0
  m_SortingLayer: 0
  m_SortingOrder: 0
--- !u!1 &6559204147544833787
GameObject:
  m_ObjectHideFlags: 0
  m_CorrespondingSourceObject: {fileID: 0}
  m_PrefabInstance: {fileID: 0}
  m_PrefabAsset: {fileID: 0}
  serializedVersion: 6
  m_Component:
  - component: {fileID: 4800858725400162922}
  - component: {fileID: 4633459384619662847}
  - component: {fileID: 7692260046604840165}
  m_Layer: 0
  m_Name: Ctrl Key Home
  m_TagString: House
  m_Icon: {fileID: 0}
  m_NavMeshLayer: 0
  m_StaticEditorFlags: 0
  m_IsActive: 1
--- !u!4 &4800858725400162922
Transform:
  m_ObjectHideFlags: 0
  m_CorrespondingSourceObject: {fileID: 0}
  m_PrefabInstance: {fileID: 0}
  m_PrefabAsset: {fileID: 0}
  m_GameObject: {fileID: 6559204147544833787}
  m_LocalRotation: {x: 0, y: 0, z: 0, w: 1}
  m_LocalPosition: {x: 0, y: 0, z: 0}
  m_LocalScale: {x: 1, y: 1, z: 1}
  m_Children:
  - {fileID: 6144117706625898604}
  - {fileID: 2194263475549100242}
  - {fileID: 2543263579446115620}
  - {fileID: 6599306818758712890}
  - {fileID: 7697609828777021860}
  - {fileID: 4397941037391486361}
  - {fileID: 2918959676121792368}
  - {fileID: 6981402413524467387}
  - {fileID: 6124227762698156620}
  m_Father: {fileID: 0}
  m_RootOrder: 0
  m_LocalEulerAnglesHint: {x: 0, y: 0, z: 0}
--- !u!114 &4633459384619662847
MonoBehaviour:
  m_ObjectHideFlags: 0
  m_CorrespondingSourceObject: {fileID: 0}
  m_PrefabInstance: {fileID: 0}
  m_PrefabAsset: {fileID: 0}
  m_GameObject: {fileID: 6559204147544833787}
  m_Enabled: 1
  m_EditorHideFlags: 0
  m_Script: {fileID: 11500000, guid: 2f0ccd5799e7cb3409770fff24de6d00, type: 3}
  m_Name: 
  m_EditorClassIdentifier: 
  paintingsList: []
--- !u!65 &7692260046604840165
BoxCollider:
  m_ObjectHideFlags: 0
  m_CorrespondingSourceObject: {fileID: 0}
  m_PrefabInstance: {fileID: 0}
  m_PrefabAsset: {fileID: 0}
  m_GameObject: {fileID: 6559204147544833787}
  m_Material: {fileID: 0}
  m_IsTrigger: 1
  m_Enabled: 1
  serializedVersion: 2
  m_Size: {x: 8.039144, y: 2.367095, z: 4.91481}
  m_Center: {x: -0.07648134, y: 1.3373752, z: -0.009480476}
--- !u!1 &7032573092266183454
GameObject:
  m_ObjectHideFlags: 0
  m_CorrespondingSourceObject: {fileID: 0}
  m_PrefabInstance: {fileID: 0}
  m_PrefabAsset: {fileID: 0}
  serializedVersion: 6
  m_Component:
  - component: {fileID: 7697609828777021860}
  - component: {fileID: 6736466736691830273}
  - component: {fileID: 8833893715162475211}
  m_Layer: 0
  m_Name: DoorMate
  m_TagString: Untagged
  m_Icon: {fileID: 0}
  m_NavMeshLayer: 0
  m_StaticEditorFlags: 0
  m_IsActive: 1
--- !u!4 &7697609828777021860
Transform:
  m_ObjectHideFlags: 0
  m_CorrespondingSourceObject: {fileID: 0}
  m_PrefabInstance: {fileID: 0}
  m_PrefabAsset: {fileID: 0}
  m_GameObject: {fileID: 7032573092266183454}
  m_LocalRotation: {x: -0.7071068, y: 0, z: 0, w: 0.7071068}
  m_LocalPosition: {x: 0, y: 0.5, z: 0}
  m_LocalScale: {x: 1000, y: 1000, z: 1000}
  m_Children: []
  m_Father: {fileID: 4800858725400162922}
  m_RootOrder: 4
  m_LocalEulerAnglesHint: {x: -90, y: 0, z: 0}
--- !u!33 &6736466736691830273
MeshFilter:
  m_ObjectHideFlags: 0
  m_CorrespondingSourceObject: {fileID: 0}
  m_PrefabInstance: {fileID: 0}
  m_PrefabAsset: {fileID: 0}
  m_GameObject: {fileID: 7032573092266183454}
  m_Mesh: {fileID: 6405349093865260890, guid: 31709dac8d611d74d947bcf49cb4059d, type: 3}
--- !u!23 &8833893715162475211
MeshRenderer:
  m_ObjectHideFlags: 0
  m_CorrespondingSourceObject: {fileID: 0}
  m_PrefabInstance: {fileID: 0}
  m_PrefabAsset: {fileID: 0}
  m_GameObject: {fileID: 7032573092266183454}
  m_Enabled: 1
  m_CastShadows: 1
  m_ReceiveShadows: 1
  m_DynamicOccludee: 1
  m_MotionVectors: 1
  m_LightProbeUsage: 1
  m_ReflectionProbeUsage: 1
  m_RayTracingMode: 2
  m_RenderingLayerMask: 1
  m_RendererPriority: 0
  m_Materials:
  - {fileID: 2100000, guid: 13f74a73337e4a54d86dc81ffeb1bd14, type: 2}
  m_StaticBatchInfo:
    firstSubMesh: 0
    subMeshCount: 0
  m_StaticBatchRoot: {fileID: 0}
  m_ProbeAnchor: {fileID: 0}
  m_LightProbeVolumeOverride: {fileID: 0}
  m_ScaleInLightmap: 1
  m_ReceiveGI: 1
  m_PreserveUVs: 0
  m_IgnoreNormalsForChartDetection: 0
  m_ImportantGI: 0
  m_StitchLightmapSeams: 1
  m_SelectedEditorRenderState: 3
  m_MinimumChartSize: 4
  m_AutoUVMaxDistance: 0.5
  m_AutoUVMaxAngle: 89
  m_LightmapParameters: {fileID: 0}
  m_SortingLayerID: 0
  m_SortingLayer: 0
  m_SortingOrder: 0
--- !u!1 &7933866111948124272
GameObject:
  m_ObjectHideFlags: 0
  m_CorrespondingSourceObject: {fileID: 0}
  m_PrefabInstance: {fileID: 0}
  m_PrefabAsset: {fileID: 0}
  serializedVersion: 6
  m_Component:
  - component: {fileID: 6144117706625898604}
  - component: {fileID: 6421612688703502623}
  - component: {fileID: 6914025889575920879}
  - component: {fileID: 6524573521854262891}
  - component: {fileID: 3027387471609345990}
  - component: {fileID: 5879659358646425777}
  - component: {fileID: 2542318110595780099}
  - component: {fileID: 5872516283871078417}
  - component: {fileID: 8593237501844760374}
  - component: {fileID: 7618591827904638888}
  - component: {fileID: 5176743004304686889}
  - component: {fileID: 8093056411834541181}
  - component: {fileID: 5309404361770335147}
  - component: {fileID: 32400650103157238}
  m_Layer: 0
  m_Name: Ctrl Key Open
  m_TagString: Untagged
  m_Icon: {fileID: 0}
  m_NavMeshLayer: 0
  m_StaticEditorFlags: 0
  m_IsActive: 1
--- !u!4 &6144117706625898604
Transform:
  m_ObjectHideFlags: 0
  m_CorrespondingSourceObject: {fileID: 0}
  m_PrefabInstance: {fileID: 0}
  m_PrefabAsset: {fileID: 0}
  m_GameObject: {fileID: 7933866111948124272}
  m_LocalRotation: {x: -0.7071068, y: -0.000000030908623, z: -0.000000030908623, w: 0.7071068}
  m_LocalPosition: {x: 0, y: 0.5, z: 0}
  m_LocalScale: {x: 100, y: 100, z: 100}
  m_Children: []
  m_Father: {fileID: 4800858725400162922}
  m_RootOrder: 0
  m_LocalEulerAnglesHint: {x: 0, y: 0, z: 0}
--- !u!33 &6421612688703502623
MeshFilter:
  m_ObjectHideFlags: 0
  m_CorrespondingSourceObject: {fileID: 0}
  m_PrefabInstance: {fileID: 0}
  m_PrefabAsset: {fileID: 0}
  m_GameObject: {fileID: 7933866111948124272}
  m_Mesh: {fileID: 8507466288683915858, guid: 43af5c24fc934714eb6bd8906fe6ec8c, type: 3}
--- !u!65 &6914025889575920879
BoxCollider:
  m_ObjectHideFlags: 0
  m_CorrespondingSourceObject: {fileID: 0}
  m_PrefabInstance: {fileID: 0}
  m_PrefabAsset: {fileID: 0}
  m_GameObject: {fileID: 7933866111948124272}
  m_Material: {fileID: 0}
  m_IsTrigger: 0
  m_Enabled: 1
  serializedVersion: 2
  m_Size: {x: 0.005472257, y: 0.03087751, z: 0.018719453}
  m_Center: {x: 0.03760198, y: -0.0012049115, z: 0.0093597295}
--- !u!65 &6524573521854262891
BoxCollider:
  m_ObjectHideFlags: 0
  m_CorrespondingSourceObject: {fileID: 0}
  m_PrefabInstance: {fileID: 0}
  m_PrefabAsset: {fileID: 0}
  m_GameObject: {fileID: 7933866111948124272}
  m_Material: {fileID: 0}
  m_IsTrigger: 0
  m_Enabled: 1
  serializedVersion: 2
  m_Size: {x: 0.0080999425, y: 0.007398429, z: 0.008091189}
  m_Center: {x: 0.020466622, y: 0.0045777997, z: 0.004045602}
--- !u!65 &3027387471609345990
BoxCollider:
  m_ObjectHideFlags: 0
  m_CorrespondingSourceObject: {fileID: 0}
  m_PrefabInstance: {fileID: 0}
  m_PrefabAsset: {fileID: 0}
  m_GameObject: {fileID: 7933866111948124272}
  m_Material: {fileID: 0}
  m_IsTrigger: 0
  m_Enabled: 1
  serializedVersion: 2
  m_Size: {x: 0.008542356, y: 0.029766617, z: 0.020492867}
  m_Center: {x: -0.03592856, y: -0.006586509, z: 0.010246437}
--- !u!65 &5879659358646425777
BoxCollider:
  m_ObjectHideFlags: 0
  m_CorrespondingSourceObject: {fileID: 0}
  m_PrefabInstance: {fileID: 0}
  m_PrefabAsset: {fileID: 0}
  m_GameObject: {fileID: 7933866111948124272}
  m_Material: {fileID: 0}
  m_IsTrigger: 0
  m_Enabled: 1
  serializedVersion: 2
  m_Size: {x: 0.018949257, y: 0.006613573, z: 0.0069659594}
  m_Center: {x: -0.022441987, y: 0.0029915075, z: 0.0034829902}
--- !u!65 &2542318110595780099
BoxCollider:
  m_ObjectHideFlags: 0
  m_CorrespondingSourceObject: {fileID: 0}
  m_PrefabInstance: {fileID: 0}
  m_PrefabAsset: {fileID: 0}
  m_GameObject: {fileID: 7933866111948124272}
  m_Material: {fileID: 0}
  m_IsTrigger: 0
  m_Enabled: 1
  serializedVersion: 2
  m_Size: {x: 0.006222167, y: 0.0063254684, z: 0.006132107}
  m_Center: {x: 0.02446882, y: -0.002565549, z: 0.0030660557}
--- !u!65 &5872516283871078417
BoxCollider:
  m_ObjectHideFlags: 0
  m_CorrespondingSourceObject: {fileID: 0}
  m_PrefabInstance: {fileID: 0}
  m_PrefabAsset: {fileID: 0}
  m_GameObject: {fileID: 7933866111948124272}
  m_Material: {fileID: 0}
  m_IsTrigger: 0
  m_Enabled: 1
  serializedVersion: 2
  m_Size: {x: 0.006622193, y: 0.0032158627, z: 0.014509523}
  m_Center: {x: 0.009246, y: -0.019968284, z: 0.007254767}
--- !u!65 &8593237501844760374
BoxCollider:
  m_ObjectHideFlags: 0
  m_CorrespondingSourceObject: {fileID: 0}
  m_PrefabInstance: {fileID: 0}
  m_PrefabAsset: {fileID: 0}
  m_GameObject: {fileID: 7933866111948124272}
  m_Material: {fileID: 0}
  m_IsTrigger: 0
  m_Enabled: 1
  serializedVersion: 2
  m_Size: {x: 0.008312797, y: 0.004872268, z: 0.014577074}
  m_Center: {x: -0.009494675, y: -0.019793503, z: 0.0072885454}
--- !u!65 &7618591827904638888
BoxCollider:
  m_ObjectHideFlags: 0
  m_CorrespondingSourceObject: {fileID: 0}
  m_PrefabInstance: {fileID: 0}
  m_PrefabAsset: {fileID: 0}
  m_GameObject: {fileID: 7933866111948124272}
  m_Material: {fileID: 0}
  m_IsTrigger: 0
  m_Enabled: 1
  serializedVersion: 2
  m_Size: {x: 0.08587685, y: 0.0031686153, z: 0.020492867}
  m_Center: {x: -0.000000009536743, y: 0.02463855, z: 0.010246437}
--- !u!65 &5176743004304686889
BoxCollider:
  m_ObjectHideFlags: 0
  m_CorrespondingSourceObject: {fileID: 0}
  m_PrefabInstance: {fileID: 0}
  m_PrefabAsset: {fileID: 0}
  m_GameObject: {fileID: 7933866111948124272}
  m_Material: {fileID: 0}
  m_IsTrigger: 0
  m_Enabled: 1
  serializedVersion: 2
  m_Size: {x: 0.0027480172, y: 0.051557597, z: 0.020492867}
  m_Center: {x: -0.041564416, y: -9.15677e-17, z: 0.010246434}
--- !u!65 &8093056411834541181
BoxCollider:
  m_ObjectHideFlags: 0
  m_CorrespondingSourceObject: {fileID: 0}
  m_PrefabInstance: {fileID: 0}
  m_PrefabAsset: {fileID: 0}
  m_GameObject: {fileID: 7933866111948124272}
  m_Material: {fileID: 0}
  m_IsTrigger: 0
  m_Enabled: 1
  serializedVersion: 2
  m_Size: {x: 0.0024244213, y: 0.05132923, z: 0.020492867}
  m_Center: {x: 0.041726112, y: 0.00011418343, z: 0.010246434}
--- !u!65 &5309404361770335147
BoxCollider:
  m_ObjectHideFlags: 0
  m_CorrespondingSourceObject: {fileID: 0}
  m_PrefabInstance: {fileID: 0}
  m_PrefabAsset: {fileID: 0}
  m_GameObject: {fileID: 7933866111948124272}
  m_Material: {fileID: 0}
  m_IsTrigger: 0
  m_Enabled: 1
  serializedVersion: 2
  m_Size: {x: 0.03664158, y: 0.0030190363, z: 0.020492867}
  m_Center: {x: 0.02470889, y: -0.024269331, z: 0.010246436}
--- !u!65 &32400650103157238
BoxCollider:
  m_ObjectHideFlags: 0
  m_CorrespondingSourceObject: {fileID: 0}
  m_PrefabInstance: {fileID: 0}
  m_PrefabAsset: {fileID: 0}
  m_GameObject: {fileID: 7933866111948124272}
  m_Material: {fileID: 0}
  m_IsTrigger: 0
  m_Enabled: 1
  serializedVersion: 2
  m_Size: {x: 0.037051212, y: 0.002432155, z: 0.020492867}
  m_Center: {x: -0.024412813, y: -0.024562767, z: 0.010246436}
--- !u!1 &8728865392624243748
GameObject:
  m_ObjectHideFlags: 0
  m_CorrespondingSourceObject: {fileID: 0}
  m_PrefabInstance: {fileID: 0}
  m_PrefabAsset: {fileID: 0}
  serializedVersion: 6
  m_Component:
  - component: {fileID: 105643870536500115}
  - component: {fileID: 944412691848800}
  - component: {fileID: 890649536460105995}
  m_Layer: 0
  m_Name: Plane
  m_TagString: Untagged
  m_Icon: {fileID: 0}
  m_NavMeshLayer: 0
  m_StaticEditorFlags: 0
  m_IsActive: 1
--- !u!4 &105643870536500115
Transform:
  m_ObjectHideFlags: 0
  m_CorrespondingSourceObject: {fileID: 0}
  m_PrefabInstance: {fileID: 0}
  m_PrefabAsset: {fileID: 0}
  m_GameObject: {fileID: 8728865392624243748}
  m_LocalRotation: {x: 0, y: 0, z: 0.6427876, w: 0.7660445}
  m_LocalPosition: {x: 4.56, y: 2.97, z: -2.2}
  m_LocalScale: {x: 1, y: 1, z: 2.113}
  m_Children: []
  m_Father: {fileID: 6981402413524467387}
  m_RootOrder: 0
  m_LocalEulerAnglesHint: {x: 0, y: 0, z: 80}
--- !u!33 &944412691848800
MeshFilter:
  m_ObjectHideFlags: 0
  m_CorrespondingSourceObject: {fileID: 0}
  m_PrefabInstance: {fileID: 0}
  m_PrefabAsset: {fileID: 0}
  m_GameObject: {fileID: 8728865392624243748}
  m_Mesh: {fileID: 10209, guid: 0000000000000000e000000000000000, type: 0}
--- !u!23 &890649536460105995
MeshRenderer:
  m_ObjectHideFlags: 0
  m_CorrespondingSourceObject: {fileID: 0}
  m_PrefabInstance: {fileID: 0}
  m_PrefabAsset: {fileID: 0}
  m_GameObject: {fileID: 8728865392624243748}
  m_Enabled: 1
  m_CastShadows: 1
  m_ReceiveShadows: 1
  m_DynamicOccludee: 1
  m_MotionVectors: 1
  m_LightProbeUsage: 1
  m_ReflectionProbeUsage: 1
  m_RayTracingMode: 2
  m_RenderingLayerMask: 1
  m_RendererPriority: 0
  m_Materials:
  - {fileID: 2100000, guid: b80979bda4c72884e8f31236782df47e, type: 2}
  m_StaticBatchInfo:
    firstSubMesh: 0
    subMeshCount: 0
  m_StaticBatchRoot: {fileID: 0}
  m_ProbeAnchor: {fileID: 0}
  m_LightProbeVolumeOverride: {fileID: 0}
  m_ScaleInLightmap: 1
  m_ReceiveGI: 1
  m_PreserveUVs: 0
  m_IgnoreNormalsForChartDetection: 0
  m_ImportantGI: 0
  m_StitchLightmapSeams: 1
  m_SelectedEditorRenderState: 3
  m_MinimumChartSize: 4
  m_AutoUVMaxDistance: 0.5
  m_AutoUVMaxAngle: 89
  m_LightmapParameters: {fileID: 0}
  m_SortingLayerID: 0
  m_SortingLayer: 0
  m_SortingOrder: 0
--- !u!1 &9110938335752878416
GameObject:
  m_ObjectHideFlags: 0
  m_CorrespondingSourceObject: {fileID: 0}
  m_PrefabInstance: {fileID: 0}
  m_PrefabAsset: {fileID: 0}
  serializedVersion: 6
  m_Component:
  - component: {fileID: 6124227762698156620}
  m_Layer: 0
  m_Name: Paintings
  m_TagString: Untagged
  m_Icon: {fileID: 0}
  m_NavMeshLayer: 0
  m_StaticEditorFlags: 0
  m_IsActive: 1
--- !u!4 &6124227762698156620
Transform:
  m_ObjectHideFlags: 0
  m_CorrespondingSourceObject: {fileID: 0}
  m_PrefabInstance: {fileID: 0}
  m_PrefabAsset: {fileID: 0}
  m_GameObject: {fileID: 9110938335752878416}
  m_LocalRotation: {x: 0, y: 0, z: 0, w: 1}
  m_LocalPosition: {x: 0, y: 0, z: 0}
  m_LocalScale: {x: 1, y: 1, z: 1}
  m_Children:
  - {fileID: 6986754984962842279}
  - {fileID: 1164857525615732623}
  - {fileID: 6350016366685184725}
  - {fileID: 8219932496975526867}
  - {fileID: 5331365657662568046}
  - {fileID: 1360580902721269051}
  - {fileID: 8927866645133973821}
  - {fileID: 3170826199270494900}
  - {fileID: 3405304631353599270}
  - {fileID: 8008800061720260937}
  m_Father: {fileID: 4800858725400162922}
  m_RootOrder: 8
  m_LocalEulerAnglesHint: {x: 0, y: 0, z: 0}
--- !u!1001 &905809774122400987
PrefabInstance:
  m_ObjectHideFlags: 0
  serializedVersion: 2
  m_Modification:
    m_TransformParent: {fileID: 6124227762698156620}
    m_Modifications:
    - target: {fileID: 2194330745785668064, guid: 8417bf1d67560a543a2269e11e43b776,
        type: 3}
      propertyPath: m_LocalPosition.x
      value: -2.81
      objectReference: {fileID: 0}
    - target: {fileID: 2194330745785668064, guid: 8417bf1d67560a543a2269e11e43b776,
        type: 3}
      propertyPath: m_LocalPosition.y
      value: 1.14
      objectReference: {fileID: 0}
    - target: {fileID: 2194330745785668064, guid: 8417bf1d67560a543a2269e11e43b776,
        type: 3}
      propertyPath: m_LocalPosition.z
      value: -3.03
      objectReference: {fileID: 0}
    - target: {fileID: 2194330745785668064, guid: 8417bf1d67560a543a2269e11e43b776,
        type: 3}
      propertyPath: m_LocalRotation.x
      value: 0
      objectReference: {fileID: 0}
    - target: {fileID: 2194330745785668064, guid: 8417bf1d67560a543a2269e11e43b776,
        type: 3}
      propertyPath: m_LocalRotation.y
      value: 0
      objectReference: {fileID: 0}
    - target: {fileID: 2194330745785668064, guid: 8417bf1d67560a543a2269e11e43b776,
        type: 3}
      propertyPath: m_LocalRotation.z
      value: 0
      objectReference: {fileID: 0}
    - target: {fileID: 2194330745785668064, guid: 8417bf1d67560a543a2269e11e43b776,
        type: 3}
      propertyPath: m_LocalRotation.w
      value: 1
      objectReference: {fileID: 0}
    - target: {fileID: 2194330745785668064, guid: 8417bf1d67560a543a2269e11e43b776,
        type: 3}
      propertyPath: m_RootOrder
      value: 5
      objectReference: {fileID: 0}
    - target: {fileID: 2194330745785668064, guid: 8417bf1d67560a543a2269e11e43b776,
        type: 3}
      propertyPath: m_LocalEulerAnglesHint.x
      value: 0
      objectReference: {fileID: 0}
    - target: {fileID: 2194330745785668064, guid: 8417bf1d67560a543a2269e11e43b776,
        type: 3}
      propertyPath: m_LocalEulerAnglesHint.y
      value: 0
      objectReference: {fileID: 0}
    - target: {fileID: 2194330745785668064, guid: 8417bf1d67560a543a2269e11e43b776,
        type: 3}
      propertyPath: m_LocalEulerAnglesHint.z
      value: 0
      objectReference: {fileID: 0}
    - target: {fileID: 2194330745785668064, guid: 8417bf1d67560a543a2269e11e43b776,
        type: 3}
      propertyPath: m_LocalScale.z
      value: 1
      objectReference: {fileID: 0}
    - target: {fileID: 2194330745785668064, guid: 8417bf1d67560a543a2269e11e43b776,
        type: 3}
      propertyPath: m_LocalScale.y
      value: 2
      objectReference: {fileID: 0}
    - target: {fileID: 2194330745785668064, guid: 8417bf1d67560a543a2269e11e43b776,
        type: 3}
      propertyPath: m_LocalScale.x
      value: 0.7
      objectReference: {fileID: 0}
    - target: {fileID: 4056834011802084320, guid: 8417bf1d67560a543a2269e11e43b776,
        type: 3}
      propertyPath: m_Name
      value: Picture (5)
      objectReference: {fileID: 0}
    - target: {fileID: 4056834011802084320, guid: 8417bf1d67560a543a2269e11e43b776,
        type: 3}
      propertyPath: m_IsActive
      value: 0
      objectReference: {fileID: 0}
    m_RemovedComponents: []
  m_SourcePrefab: {fileID: 100100000, guid: 8417bf1d67560a543a2269e11e43b776, type: 3}
--- !u!4 &1360580902721269051 stripped
Transform:
  m_CorrespondingSourceObject: {fileID: 2194330745785668064, guid: 8417bf1d67560a543a2269e11e43b776,
    type: 3}
  m_PrefabInstance: {fileID: 905809774122400987}
  m_PrefabAsset: {fileID: 0}
--- !u!1001 &1034055023098721903
PrefabInstance:
  m_ObjectHideFlags: 0
  serializedVersion: 2
  m_Modification:
    m_TransformParent: {fileID: 6124227762698156620}
    m_Modifications:
    - target: {fileID: 2194330745785668064, guid: 8417bf1d67560a543a2269e11e43b776,
        type: 3}
      propertyPath: m_LocalPosition.x
      value: 4.37
      objectReference: {fileID: 0}
    - target: {fileID: 2194330745785668064, guid: 8417bf1d67560a543a2269e11e43b776,
        type: 3}
      propertyPath: m_LocalPosition.y
      value: 1.4
      objectReference: {fileID: 0}
    - target: {fileID: 2194330745785668064, guid: 8417bf1d67560a543a2269e11e43b776,
        type: 3}
      propertyPath: m_LocalPosition.z
      value: 0.97
      objectReference: {fileID: 0}
    - target: {fileID: 2194330745785668064, guid: 8417bf1d67560a543a2269e11e43b776,
        type: 3}
      propertyPath: m_LocalRotation.x
      value: 0
      objectReference: {fileID: 0}
    - target: {fileID: 2194330745785668064, guid: 8417bf1d67560a543a2269e11e43b776,
        type: 3}
      propertyPath: m_LocalRotation.y
      value: -0.7071068
      objectReference: {fileID: 0}
    - target: {fileID: 2194330745785668064, guid: 8417bf1d67560a543a2269e11e43b776,
        type: 3}
      propertyPath: m_LocalRotation.z
      value: 0
      objectReference: {fileID: 0}
    - target: {fileID: 2194330745785668064, guid: 8417bf1d67560a543a2269e11e43b776,
        type: 3}
      propertyPath: m_LocalRotation.w
      value: 0.7071068
      objectReference: {fileID: 0}
    - target: {fileID: 2194330745785668064, guid: 8417bf1d67560a543a2269e11e43b776,
        type: 3}
      propertyPath: m_RootOrder
      value: 1
      objectReference: {fileID: 0}
    - target: {fileID: 2194330745785668064, guid: 8417bf1d67560a543a2269e11e43b776,
        type: 3}
      propertyPath: m_LocalEulerAnglesHint.x
      value: 0
      objectReference: {fileID: 0}
    - target: {fileID: 2194330745785668064, guid: 8417bf1d67560a543a2269e11e43b776,
        type: 3}
      propertyPath: m_LocalEulerAnglesHint.y
      value: -90
      objectReference: {fileID: 0}
    - target: {fileID: 2194330745785668064, guid: 8417bf1d67560a543a2269e11e43b776,
        type: 3}
      propertyPath: m_LocalEulerAnglesHint.z
      value: 0
      objectReference: {fileID: 0}
    - target: {fileID: 2194330745785668064, guid: 8417bf1d67560a543a2269e11e43b776,
        type: 3}
      propertyPath: m_LocalScale.x
      value: 0.5
      objectReference: {fileID: 0}
    - target: {fileID: 2194330745785668064, guid: 8417bf1d67560a543a2269e11e43b776,
        type: 3}
      propertyPath: m_LocalScale.y
      value: 0.5
      objectReference: {fileID: 0}
    - target: {fileID: 2194330745785668064, guid: 8417bf1d67560a543a2269e11e43b776,
        type: 3}
      propertyPath: m_LocalScale.z
      value: 0.5
      objectReference: {fileID: 0}
    - target: {fileID: 4056834011802084320, guid: 8417bf1d67560a543a2269e11e43b776,
        type: 3}
      propertyPath: m_Name
      value: Picture
      objectReference: {fileID: 0}
    - target: {fileID: 4056834011802084320, guid: 8417bf1d67560a543a2269e11e43b776,
        type: 3}
      propertyPath: m_IsActive
      value: 0
      objectReference: {fileID: 0}
    m_RemovedComponents: []
  m_SourcePrefab: {fileID: 100100000, guid: 8417bf1d67560a543a2269e11e43b776, type: 3}
--- !u!4 &1164857525615732623 stripped
Transform:
  m_CorrespondingSourceObject: {fileID: 2194330745785668064, guid: 8417bf1d67560a543a2269e11e43b776,
    type: 3}
  m_PrefabInstance: {fileID: 1034055023098721903}
  m_PrefabAsset: {fileID: 0}
--- !u!1001 &3544832818546160838
PrefabInstance:
  m_ObjectHideFlags: 0
  serializedVersion: 2
  m_Modification:
    m_TransformParent: {fileID: 6124227762698156620}
    m_Modifications:
    - target: {fileID: 2194330745785668064, guid: 8417bf1d67560a543a2269e11e43b776,
        type: 3}
      propertyPath: m_LocalPosition.x
      value: 3.06
      objectReference: {fileID: 0}
    - target: {fileID: 2194330745785668064, guid: 8417bf1d67560a543a2269e11e43b776,
        type: 3}
      propertyPath: m_LocalPosition.y
      value: 0.85
      objectReference: {fileID: 0}
    - target: {fileID: 2194330745785668064, guid: 8417bf1d67560a543a2269e11e43b776,
        type: 3}
      propertyPath: m_LocalPosition.z
      value: -3
      objectReference: {fileID: 0}
    - target: {fileID: 2194330745785668064, guid: 8417bf1d67560a543a2269e11e43b776,
        type: 3}
      propertyPath: m_LocalRotation.x
      value: 0
      objectReference: {fileID: 0}
    - target: {fileID: 2194330745785668064, guid: 8417bf1d67560a543a2269e11e43b776,
        type: 3}
      propertyPath: m_LocalRotation.y
      value: 0
      objectReference: {fileID: 0}
    - target: {fileID: 2194330745785668064, guid: 8417bf1d67560a543a2269e11e43b776,
        type: 3}
      propertyPath: m_LocalRotation.z
      value: 0
      objectReference: {fileID: 0}
    - target: {fileID: 2194330745785668064, guid: 8417bf1d67560a543a2269e11e43b776,
        type: 3}
      propertyPath: m_LocalRotation.w
      value: 1
      objectReference: {fileID: 0}
    - target: {fileID: 2194330745785668064, guid: 8417bf1d67560a543a2269e11e43b776,
        type: 3}
      propertyPath: m_RootOrder
      value: 8
      objectReference: {fileID: 0}
    - target: {fileID: 2194330745785668064, guid: 8417bf1d67560a543a2269e11e43b776,
        type: 3}
      propertyPath: m_LocalEulerAnglesHint.x
      value: 0
      objectReference: {fileID: 0}
    - target: {fileID: 2194330745785668064, guid: 8417bf1d67560a543a2269e11e43b776,
        type: 3}
      propertyPath: m_LocalEulerAnglesHint.y
      value: 0
      objectReference: {fileID: 0}
    - target: {fileID: 2194330745785668064, guid: 8417bf1d67560a543a2269e11e43b776,
        type: 3}
      propertyPath: m_LocalEulerAnglesHint.z
      value: 0
      objectReference: {fileID: 0}
    - target: {fileID: 4056834011802084320, guid: 8417bf1d67560a543a2269e11e43b776,
        type: 3}
      propertyPath: m_Name
      value: Picture (8)
      objectReference: {fileID: 0}
    - target: {fileID: 4056834011802084320, guid: 8417bf1d67560a543a2269e11e43b776,
        type: 3}
      propertyPath: m_IsActive
      value: 0
      objectReference: {fileID: 0}
    m_RemovedComponents: []
  m_SourcePrefab: {fileID: 100100000, guid: 8417bf1d67560a543a2269e11e43b776, type: 3}
--- !u!4 &3405304631353599270 stripped
Transform:
  m_CorrespondingSourceObject: {fileID: 2194330745785668064, guid: 8417bf1d67560a543a2269e11e43b776,
    type: 3}
  m_PrefabInstance: {fileID: 3544832818546160838}
  m_PrefabAsset: {fileID: 0}
--- !u!1001 &3635211455663489876
PrefabInstance:
  m_ObjectHideFlags: 0
  serializedVersion: 2
  m_Modification:
    m_TransformParent: {fileID: 6124227762698156620}
    m_Modifications:
    - target: {fileID: 2194330745785668064, guid: 8417bf1d67560a543a2269e11e43b776,
        type: 3}
      propertyPath: m_LocalPosition.x
      value: 3.06
      objectReference: {fileID: 0}
    - target: {fileID: 2194330745785668064, guid: 8417bf1d67560a543a2269e11e43b776,
        type: 3}
      propertyPath: m_LocalPosition.y
      value: 1.7
      objectReference: {fileID: 0}
    - target: {fileID: 2194330745785668064, guid: 8417bf1d67560a543a2269e11e43b776,
        type: 3}
      propertyPath: m_LocalPosition.z
      value: -3
      objectReference: {fileID: 0}
    - target: {fileID: 2194330745785668064, guid: 8417bf1d67560a543a2269e11e43b776,
        type: 3}
      propertyPath: m_LocalRotation.x
      value: 0
      objectReference: {fileID: 0}
    - target: {fileID: 2194330745785668064, guid: 8417bf1d67560a543a2269e11e43b776,
        type: 3}
      propertyPath: m_LocalRotation.y
      value: 0
      objectReference: {fileID: 0}
    - target: {fileID: 2194330745785668064, guid: 8417bf1d67560a543a2269e11e43b776,
        type: 3}
      propertyPath: m_LocalRotation.z
      value: 0
      objectReference: {fileID: 0}
    - target: {fileID: 2194330745785668064, guid: 8417bf1d67560a543a2269e11e43b776,
        type: 3}
      propertyPath: m_LocalRotation.w
      value: 1
      objectReference: {fileID: 0}
    - target: {fileID: 2194330745785668064, guid: 8417bf1d67560a543a2269e11e43b776,
        type: 3}
      propertyPath: m_RootOrder
      value: 7
      objectReference: {fileID: 0}
    - target: {fileID: 2194330745785668064, guid: 8417bf1d67560a543a2269e11e43b776,
        type: 3}
      propertyPath: m_LocalEulerAnglesHint.x
      value: 0
      objectReference: {fileID: 0}
    - target: {fileID: 2194330745785668064, guid: 8417bf1d67560a543a2269e11e43b776,
        type: 3}
      propertyPath: m_LocalEulerAnglesHint.y
      value: 0
      objectReference: {fileID: 0}
    - target: {fileID: 2194330745785668064, guid: 8417bf1d67560a543a2269e11e43b776,
        type: 3}
      propertyPath: m_LocalEulerAnglesHint.z
      value: 0
      objectReference: {fileID: 0}
    - target: {fileID: 3336042256058315961, guid: 8417bf1d67560a543a2269e11e43b776,
        type: 3}
      propertyPath: m_IsActive
      value: 0
      objectReference: {fileID: 0}
    - target: {fileID: 4056834011802084320, guid: 8417bf1d67560a543a2269e11e43b776,
        type: 3}
      propertyPath: m_Name
      value: Picture (7)
      objectReference: {fileID: 0}
    - target: {fileID: 4056834011802084320, guid: 8417bf1d67560a543a2269e11e43b776,
        type: 3}
      propertyPath: m_IsActive
      value: 0
      objectReference: {fileID: 0}
    m_RemovedComponents: []
  m_SourcePrefab: {fileID: 100100000, guid: 8417bf1d67560a543a2269e11e43b776, type: 3}
--- !u!4 &3170826199270494900 stripped
Transform:
  m_CorrespondingSourceObject: {fileID: 2194330745785668064, guid: 8417bf1d67560a543a2269e11e43b776,
    type: 3}
  m_PrefabInstance: {fileID: 3635211455663489876}
  m_PrefabAsset: {fileID: 0}
--- !u!1001 &5074463943610217269
PrefabInstance:
  m_ObjectHideFlags: 0
  serializedVersion: 2
  m_Modification:
    m_TransformParent: {fileID: 6124227762698156620}
    m_Modifications:
    - target: {fileID: 2194330745785668064, guid: 8417bf1d67560a543a2269e11e43b776,
        type: 3}
      propertyPath: m_LocalPosition.x
      value: 4.56
      objectReference: {fileID: 0}
    - target: {fileID: 2194330745785668064, guid: 8417bf1d67560a543a2269e11e43b776,
        type: 3}
      propertyPath: m_LocalPosition.y
      value: 1.7
      objectReference: {fileID: 0}
    - target: {fileID: 2194330745785668064, guid: 8417bf1d67560a543a2269e11e43b776,
        type: 3}
      propertyPath: m_LocalPosition.z
      value: 0.56
      objectReference: {fileID: 0}
    - target: {fileID: 2194330745785668064, guid: 8417bf1d67560a543a2269e11e43b776,
        type: 3}
      propertyPath: m_LocalRotation.x
      value: 0
      objectReference: {fileID: 0}
    - target: {fileID: 2194330745785668064, guid: 8417bf1d67560a543a2269e11e43b776,
        type: 3}
      propertyPath: m_LocalRotation.y
      value: -0.7071068
      objectReference: {fileID: 0}
    - target: {fileID: 2194330745785668064, guid: 8417bf1d67560a543a2269e11e43b776,
        type: 3}
      propertyPath: m_LocalRotation.z
      value: 0
      objectReference: {fileID: 0}
    - target: {fileID: 2194330745785668064, guid: 8417bf1d67560a543a2269e11e43b776,
        type: 3}
      propertyPath: m_LocalRotation.w
      value: 0.7071068
      objectReference: {fileID: 0}
    - target: {fileID: 2194330745785668064, guid: 8417bf1d67560a543a2269e11e43b776,
        type: 3}
      propertyPath: m_RootOrder
      value: 2
      objectReference: {fileID: 0}
    - target: {fileID: 2194330745785668064, guid: 8417bf1d67560a543a2269e11e43b776,
        type: 3}
      propertyPath: m_LocalEulerAnglesHint.x
      value: 0
      objectReference: {fileID: 0}
    - target: {fileID: 2194330745785668064, guid: 8417bf1d67560a543a2269e11e43b776,
        type: 3}
      propertyPath: m_LocalEulerAnglesHint.y
      value: -90
      objectReference: {fileID: 0}
    - target: {fileID: 2194330745785668064, guid: 8417bf1d67560a543a2269e11e43b776,
        type: 3}
      propertyPath: m_LocalEulerAnglesHint.z
      value: 0
      objectReference: {fileID: 0}
    - target: {fileID: 2194330745785668064, guid: 8417bf1d67560a543a2269e11e43b776,
        type: 3}
      propertyPath: m_LocalScale.x
      value: 0.7
      objectReference: {fileID: 0}
    - target: {fileID: 2194330745785668064, guid: 8417bf1d67560a543a2269e11e43b776,
        type: 3}
      propertyPath: m_LocalScale.y
      value: 0.7
      objectReference: {fileID: 0}
    - target: {fileID: 2194330745785668064, guid: 8417bf1d67560a543a2269e11e43b776,
        type: 3}
      propertyPath: m_LocalScale.z
      value: 0.7
      objectReference: {fileID: 0}
    - target: {fileID: 2668330471460187651, guid: 8417bf1d67560a543a2269e11e43b776,
        type: 3}
      propertyPath: m_LocalPosition.x
      value: -1.52
      objectReference: {fileID: 0}
    - target: {fileID: 2668330471460187651, guid: 8417bf1d67560a543a2269e11e43b776,
        type: 3}
      propertyPath: m_LocalPosition.z
      value: 0.79
      objectReference: {fileID: 0}
    - target: {fileID: 3336042256058315961, guid: 8417bf1d67560a543a2269e11e43b776,
        type: 3}
      propertyPath: m_IsActive
      value: 0
      objectReference: {fileID: 0}
    - target: {fileID: 4056834011802084320, guid: 8417bf1d67560a543a2269e11e43b776,
        type: 3}
      propertyPath: m_Name
      value: Picture (2)
      objectReference: {fileID: 0}
    - target: {fileID: 4056834011802084320, guid: 8417bf1d67560a543a2269e11e43b776,
        type: 3}
      propertyPath: m_IsActive
      value: 0
      objectReference: {fileID: 0}
    m_RemovedComponents: []
  m_SourcePrefab: {fileID: 100100000, guid: 8417bf1d67560a543a2269e11e43b776, type: 3}
--- !u!4 &6350016366685184725 stripped
Transform:
  m_CorrespondingSourceObject: {fileID: 2194330745785668064, guid: 8417bf1d67560a543a2269e11e43b776,
    type: 3}
  m_PrefabInstance: {fileID: 5074463943610217269}
  m_PrefabAsset: {fileID: 0}
--- !u!1001 &6309267093262198670
PrefabInstance:
  m_ObjectHideFlags: 0
  serializedVersion: 2
  m_Modification:
    m_TransformParent: {fileID: 6124227762698156620}
    m_Modifications:
    - target: {fileID: 2194330745785668064, guid: 8417bf1d67560a543a2269e11e43b776,
        type: 3}
      propertyPath: m_LocalPosition.x
      value: 1.39
      objectReference: {fileID: 0}
    - target: {fileID: 2194330745785668064, guid: 8417bf1d67560a543a2269e11e43b776,
        type: 3}
      propertyPath: m_LocalPosition.y
      value: 1.06
      objectReference: {fileID: 0}
    - target: {fileID: 2194330745785668064, guid: 8417bf1d67560a543a2269e11e43b776,
        type: 3}
      propertyPath: m_LocalPosition.z
      value: -3.05
      objectReference: {fileID: 0}
    - target: {fileID: 2194330745785668064, guid: 8417bf1d67560a543a2269e11e43b776,
        type: 3}
      propertyPath: m_LocalRotation.x
      value: 0
      objectReference: {fileID: 0}
    - target: {fileID: 2194330745785668064, guid: 8417bf1d67560a543a2269e11e43b776,
        type: 3}
      propertyPath: m_LocalRotation.y
      value: 0
      objectReference: {fileID: 0}
    - target: {fileID: 2194330745785668064, guid: 8417bf1d67560a543a2269e11e43b776,
        type: 3}
      propertyPath: m_LocalRotation.z
      value: 0
      objectReference: {fileID: 0}
    - target: {fileID: 2194330745785668064, guid: 8417bf1d67560a543a2269e11e43b776,
        type: 3}
      propertyPath: m_LocalRotation.w
      value: 1
      objectReference: {fileID: 0}
    - target: {fileID: 2194330745785668064, guid: 8417bf1d67560a543a2269e11e43b776,
        type: 3}
      propertyPath: m_RootOrder
      value: 4
      objectReference: {fileID: 0}
    - target: {fileID: 2194330745785668064, guid: 8417bf1d67560a543a2269e11e43b776,
        type: 3}
      propertyPath: m_LocalEulerAnglesHint.x
      value: 0
      objectReference: {fileID: 0}
    - target: {fileID: 2194330745785668064, guid: 8417bf1d67560a543a2269e11e43b776,
        type: 3}
      propertyPath: m_LocalEulerAnglesHint.y
      value: 0
      objectReference: {fileID: 0}
    - target: {fileID: 2194330745785668064, guid: 8417bf1d67560a543a2269e11e43b776,
        type: 3}
      propertyPath: m_LocalEulerAnglesHint.z
      value: 0
      objectReference: {fileID: 0}
    - target: {fileID: 4056834011802084320, guid: 8417bf1d67560a543a2269e11e43b776,
        type: 3}
      propertyPath: m_Name
      value: Picture (4)
      objectReference: {fileID: 0}
    - target: {fileID: 4056834011802084320, guid: 8417bf1d67560a543a2269e11e43b776,
        type: 3}
      propertyPath: m_IsActive
      value: 0
      objectReference: {fileID: 0}
    m_RemovedComponents: []
  m_SourcePrefab: {fileID: 100100000, guid: 8417bf1d67560a543a2269e11e43b776, type: 3}
--- !u!4 &5331365657662568046 stripped
Transform:
  m_CorrespondingSourceObject: {fileID: 2194330745785668064, guid: 8417bf1d67560a543a2269e11e43b776,
    type: 3}
  m_PrefabInstance: {fileID: 6309267093262198670}
  m_PrefabAsset: {fileID: 0}
--- !u!1001 &7320024254001514717
PrefabInstance:
  m_ObjectHideFlags: 0
  serializedVersion: 2
  m_Modification:
    m_TransformParent: {fileID: 6124227762698156620}
    m_Modifications:
    - target: {fileID: 2194330745785668064, guid: 8417bf1d67560a543a2269e11e43b776,
        type: 3}
      propertyPath: m_LocalPosition.x
      value: 0.09
      objectReference: {fileID: 0}
    - target: {fileID: 2194330745785668064, guid: 8417bf1d67560a543a2269e11e43b776,
        type: 3}
      propertyPath: m_LocalPosition.y
      value: 0.84
      objectReference: {fileID: 0}
    - target: {fileID: 2194330745785668064, guid: 8417bf1d67560a543a2269e11e43b776,
        type: 3}
      propertyPath: m_LocalPosition.z
      value: -3.06
      objectReference: {fileID: 0}
    - target: {fileID: 2194330745785668064, guid: 8417bf1d67560a543a2269e11e43b776,
        type: 3}
      propertyPath: m_LocalRotation.x
      value: 0
      objectReference: {fileID: 0}
    - target: {fileID: 2194330745785668064, guid: 8417bf1d67560a543a2269e11e43b776,
        type: 3}
      propertyPath: m_LocalRotation.y
      value: 0
      objectReference: {fileID: 0}
    - target: {fileID: 2194330745785668064, guid: 8417bf1d67560a543a2269e11e43b776,
        type: 3}
      propertyPath: m_LocalRotation.z
      value: 0
      objectReference: {fileID: 0}
    - target: {fileID: 2194330745785668064, guid: 8417bf1d67560a543a2269e11e43b776,
        type: 3}
      propertyPath: m_LocalRotation.w
      value: 1
      objectReference: {fileID: 0}
    - target: {fileID: 2194330745785668064, guid: 8417bf1d67560a543a2269e11e43b776,
        type: 3}
      propertyPath: m_RootOrder
      value: 6
      objectReference: {fileID: 0}
    - target: {fileID: 2194330745785668064, guid: 8417bf1d67560a543a2269e11e43b776,
        type: 3}
      propertyPath: m_LocalEulerAnglesHint.x
      value: 0
      objectReference: {fileID: 0}
    - target: {fileID: 2194330745785668064, guid: 8417bf1d67560a543a2269e11e43b776,
        type: 3}
      propertyPath: m_LocalEulerAnglesHint.y
      value: 0
      objectReference: {fileID: 0}
    - target: {fileID: 2194330745785668064, guid: 8417bf1d67560a543a2269e11e43b776,
        type: 3}
      propertyPath: m_LocalEulerAnglesHint.z
      value: 0
      objectReference: {fileID: 0}
    - target: {fileID: 2194330745785668064, guid: 8417bf1d67560a543a2269e11e43b776,
        type: 3}
      propertyPath: m_LocalScale.y
      value: 0.5
      objectReference: {fileID: 0}
    - target: {fileID: 4056834011802084320, guid: 8417bf1d67560a543a2269e11e43b776,
        type: 3}
      propertyPath: m_Name
      value: Picture (6)
      objectReference: {fileID: 0}
    - target: {fileID: 4056834011802084320, guid: 8417bf1d67560a543a2269e11e43b776,
        type: 3}
      propertyPath: m_IsActive
      value: 0
      objectReference: {fileID: 0}
    m_RemovedComponents: []
  m_SourcePrefab: {fileID: 100100000, guid: 8417bf1d67560a543a2269e11e43b776, type: 3}
--- !u!4 &8927866645133973821 stripped
Transform:
  m_CorrespondingSourceObject: {fileID: 2194330745785668064, guid: 8417bf1d67560a543a2269e11e43b776,
    type: 3}
  m_PrefabInstance: {fileID: 7320024254001514717}
  m_PrefabAsset: {fileID: 0}
--- !u!1001 &7809458503171418675
PrefabInstance:
  m_ObjectHideFlags: 0
  serializedVersion: 2
  m_Modification:
    m_TransformParent: {fileID: 6124227762698156620}
    m_Modifications:
    - target: {fileID: 2194330745785668064, guid: 8417bf1d67560a543a2269e11e43b776,
        type: 3}
      propertyPath: m_LocalPosition.x
      value: -1.49
      objectReference: {fileID: 0}
    - target: {fileID: 2194330745785668064, guid: 8417bf1d67560a543a2269e11e43b776,
        type: 3}
      propertyPath: m_LocalPosition.y
      value: 1.23
      objectReference: {fileID: 0}
    - target: {fileID: 2194330745785668064, guid: 8417bf1d67560a543a2269e11e43b776,
        type: 3}
      propertyPath: m_LocalPosition.z
      value: -3.06
      objectReference: {fileID: 0}
    - target: {fileID: 2194330745785668064, guid: 8417bf1d67560a543a2269e11e43b776,
        type: 3}
      propertyPath: m_LocalRotation.x
      value: 0
      objectReference: {fileID: 0}
    - target: {fileID: 2194330745785668064, guid: 8417bf1d67560a543a2269e11e43b776,
        type: 3}
      propertyPath: m_LocalRotation.y
      value: 0
      objectReference: {fileID: 0}
    - target: {fileID: 2194330745785668064, guid: 8417bf1d67560a543a2269e11e43b776,
        type: 3}
      propertyPath: m_LocalRotation.z
      value: 0
      objectReference: {fileID: 0}
    - target: {fileID: 2194330745785668064, guid: 8417bf1d67560a543a2269e11e43b776,
        type: 3}
      propertyPath: m_LocalRotation.w
      value: 1
      objectReference: {fileID: 0}
    - target: {fileID: 2194330745785668064, guid: 8417bf1d67560a543a2269e11e43b776,
        type: 3}
      propertyPath: m_RootOrder
      value: 3
      objectReference: {fileID: 0}
    - target: {fileID: 2194330745785668064, guid: 8417bf1d67560a543a2269e11e43b776,
        type: 3}
      propertyPath: m_LocalEulerAnglesHint.x
      value: 0
      objectReference: {fileID: 0}
    - target: {fileID: 2194330745785668064, guid: 8417bf1d67560a543a2269e11e43b776,
        type: 3}
      propertyPath: m_LocalEulerAnglesHint.y
      value: 0
      objectReference: {fileID: 0}
    - target: {fileID: 2194330745785668064, guid: 8417bf1d67560a543a2269e11e43b776,
        type: 3}
      propertyPath: m_LocalEulerAnglesHint.z
      value: 0
      objectReference: {fileID: 0}
    - target: {fileID: 2194330745785668064, guid: 8417bf1d67560a543a2269e11e43b776,
        type: 3}
      propertyPath: m_LocalScale.x
      value: 0.7
      objectReference: {fileID: 0}
    - target: {fileID: 4056834011802084320, guid: 8417bf1d67560a543a2269e11e43b776,
        type: 3}
      propertyPath: m_Name
      value: Picture (3)
      objectReference: {fileID: 0}
    - target: {fileID: 4056834011802084320, guid: 8417bf1d67560a543a2269e11e43b776,
        type: 3}
      propertyPath: m_IsActive
      value: 0
      objectReference: {fileID: 0}
    m_RemovedComponents: []
  m_SourcePrefab: {fileID: 100100000, guid: 8417bf1d67560a543a2269e11e43b776, type: 3}
--- !u!4 &8219932496975526867 stripped
Transform:
  m_CorrespondingSourceObject: {fileID: 2194330745785668064, guid: 8417bf1d67560a543a2269e11e43b776,
    type: 3}
  m_PrefabInstance: {fileID: 7809458503171418675}
  m_PrefabAsset: {fileID: 0}
--- !u!1001 &8167046024686444713
PrefabInstance:
  m_ObjectHideFlags: 0
  serializedVersion: 2
  m_Modification:
    m_TransformParent: {fileID: 6124227762698156620}
    m_Modifications:
    - target: {fileID: 2194330745785668064, guid: 8417bf1d67560a543a2269e11e43b776,
        type: 3}
      propertyPath: m_LocalPosition.x
      value: 1.7
      objectReference: {fileID: 0}
    - target: {fileID: 2194330745785668064, guid: 8417bf1d67560a543a2269e11e43b776,
        type: 3}
      propertyPath: m_LocalPosition.y
      value: 1.98
      objectReference: {fileID: 0}
    - target: {fileID: 2194330745785668064, guid: 8417bf1d67560a543a2269e11e43b776,
        type: 3}
      propertyPath: m_LocalPosition.z
      value: -3
      objectReference: {fileID: 0}
    - target: {fileID: 2194330745785668064, guid: 8417bf1d67560a543a2269e11e43b776,
        type: 3}
      propertyPath: m_LocalRotation.x
      value: 0
      objectReference: {fileID: 0}
    - target: {fileID: 2194330745785668064, guid: 8417bf1d67560a543a2269e11e43b776,
        type: 3}
      propertyPath: m_LocalRotation.y
      value: 0
      objectReference: {fileID: 0}
    - target: {fileID: 2194330745785668064, guid: 8417bf1d67560a543a2269e11e43b776,
        type: 3}
      propertyPath: m_LocalRotation.z
      value: 0
      objectReference: {fileID: 0}
    - target: {fileID: 2194330745785668064, guid: 8417bf1d67560a543a2269e11e43b776,
        type: 3}
      propertyPath: m_LocalRotation.w
      value: 1
      objectReference: {fileID: 0}
    - target: {fileID: 2194330745785668064, guid: 8417bf1d67560a543a2269e11e43b776,
        type: 3}
      propertyPath: m_RootOrder
      value: 9
      objectReference: {fileID: 0}
    - target: {fileID: 2194330745785668064, guid: 8417bf1d67560a543a2269e11e43b776,
        type: 3}
      propertyPath: m_LocalEulerAnglesHint.x
      value: 0
      objectReference: {fileID: 0}
    - target: {fileID: 2194330745785668064, guid: 8417bf1d67560a543a2269e11e43b776,
        type: 3}
      propertyPath: m_LocalEulerAnglesHint.y
      value: 0
      objectReference: {fileID: 0}
    - target: {fileID: 2194330745785668064, guid: 8417bf1d67560a543a2269e11e43b776,
        type: 3}
      propertyPath: m_LocalEulerAnglesHint.z
      value: 0
      objectReference: {fileID: 0}
    - target: {fileID: 2194330745785668064, guid: 8417bf1d67560a543a2269e11e43b776,
        type: 3}
      propertyPath: m_LocalScale.y
      value: 0.7
      objectReference: {fileID: 0}
    - target: {fileID: 4056834011802084320, guid: 8417bf1d67560a543a2269e11e43b776,
        type: 3}
      propertyPath: m_Name
      value: Picture (9)
      objectReference: {fileID: 0}
    - target: {fileID: 4056834011802084320, guid: 8417bf1d67560a543a2269e11e43b776,
        type: 3}
      propertyPath: m_IsActive
      value: 0
      objectReference: {fileID: 0}
    m_RemovedComponents: []
  m_SourcePrefab: {fileID: 100100000, guid: 8417bf1d67560a543a2269e11e43b776, type: 3}
--- !u!4 &8008800061720260937 stripped
Transform:
  m_CorrespondingSourceObject: {fileID: 2194330745785668064, guid: 8417bf1d67560a543a2269e11e43b776,
    type: 3}
  m_PrefabInstance: {fileID: 8167046024686444713}
  m_PrefabAsset: {fileID: 0}
--- !u!1001 &9117014678787297095
PrefabInstance:
  m_ObjectHideFlags: 0
  serializedVersion: 2
  m_Modification:
    m_TransformParent: {fileID: 6124227762698156620}
    m_Modifications:
    - target: {fileID: 2194330745785668064, guid: 8417bf1d67560a543a2269e11e43b776,
        type: 3}
      propertyPath: m_LocalPosition.x
      value: -0.06
      objectReference: {fileID: 0}
    - target: {fileID: 2194330745785668064, guid: 8417bf1d67560a543a2269e11e43b776,
        type: 3}
      propertyPath: m_LocalPosition.y
      value: 1.58
      objectReference: {fileID: 0}
    - target: {fileID: 2194330745785668064, guid: 8417bf1d67560a543a2269e11e43b776,
        type: 3}
      propertyPath: m_LocalPosition.z
      value: -3.06
      objectReference: {fileID: 0}
    - target: {fileID: 2194330745785668064, guid: 8417bf1d67560a543a2269e11e43b776,
        type: 3}
      propertyPath: m_LocalRotation.x
      value: 0
      objectReference: {fileID: 0}
    - target: {fileID: 2194330745785668064, guid: 8417bf1d67560a543a2269e11e43b776,
        type: 3}
      propertyPath: m_LocalRotation.y
      value: 0
      objectReference: {fileID: 0}
    - target: {fileID: 2194330745785668064, guid: 8417bf1d67560a543a2269e11e43b776,
        type: 3}
      propertyPath: m_LocalRotation.z
      value: 0
      objectReference: {fileID: 0}
    - target: {fileID: 2194330745785668064, guid: 8417bf1d67560a543a2269e11e43b776,
        type: 3}
      propertyPath: m_LocalRotation.w
      value: 1
      objectReference: {fileID: 0}
    - target: {fileID: 2194330745785668064, guid: 8417bf1d67560a543a2269e11e43b776,
        type: 3}
      propertyPath: m_RootOrder
      value: 0
      objectReference: {fileID: 0}
    - target: {fileID: 2194330745785668064, guid: 8417bf1d67560a543a2269e11e43b776,
        type: 3}
      propertyPath: m_LocalEulerAnglesHint.x
      value: 0
      objectReference: {fileID: 0}
    - target: {fileID: 2194330745785668064, guid: 8417bf1d67560a543a2269e11e43b776,
        type: 3}
      propertyPath: m_LocalEulerAnglesHint.y
      value: 0
      objectReference: {fileID: 0}
    - target: {fileID: 2194330745785668064, guid: 8417bf1d67560a543a2269e11e43b776,
        type: 3}
      propertyPath: m_LocalEulerAnglesHint.z
      value: 0
      objectReference: {fileID: 0}
    - target: {fileID: 4056834011802084320, guid: 8417bf1d67560a543a2269e11e43b776,
        type: 3}
      propertyPath: m_Name
      value: Picture (1)
      objectReference: {fileID: 0}
    - target: {fileID: 4056834011802084320, guid: 8417bf1d67560a543a2269e11e43b776,
        type: 3}
      propertyPath: m_IsActive
      value: 0
      objectReference: {fileID: 0}
    m_RemovedComponents: []
  m_SourcePrefab: {fileID: 100100000, guid: 8417bf1d67560a543a2269e11e43b776, type: 3}
--- !u!4 &6986754984962842279 stripped
Transform:
  m_CorrespondingSourceObject: {fileID: 2194330745785668064, guid: 8417bf1d67560a543a2269e11e43b776,
    type: 3}
  m_PrefabInstance: {fileID: 9117014678787297095}
  m_PrefabAsset: {fileID: 0}
